% ----------------------------------------------------------------
% literatur.bib
% ----------------------------------------------------------------

@book{schoerlin:schrittmotoren,
  author 			= "Schörlin, Felix",
  title 			= "Mit Schrittmotoren steuern, regeln und antreiben",
	publisher 	= "Franzis Verlag",
  year 				= "1995"
	}

@book{schlienz:schlatnetzteile,
  author 			= "Schlienz, Ulrich",
  title 			= "Schaltnetzteile und ihre Peripherie",
	edition			= "3. Auflage",
	publisher 	= "Friedr. Vieweg und Sohn Verlag",
  year 				= "2007"
	}

@book{hulzebosh:USB_I2c,
  author 			= "Hulzebosch, Jürgen",
  title 			= "USB in der Elektronik",
	publisher 	= "Franzis Verlag",
  year 				= "2008"
	}
	
@misc{NXP:I2C,
  author 			= "NXP, B.V.",
  title 			= "I2C-bus specification and user manual",
  year 				= "2012",
  url 				= "http://www.nxp.com/documents/user_manual/UM10204.pdf",
  lastchecked = "31. Januar 2014"
	}
	
@misc{Atmel:Datasheet,
  author 			= "Atmel, Corporation",
  title 			= "8-bit Atmel Microcontroller with 16K/32K/64K Bytes In-System Programmable Flash",
  year 				= "2013",
  url 				= "http://www.atmel.com/images/atmel-8011-8-bit-avr-microcontroller-atmega164p-324p-644p_datasheet.pdf",
  lastchecked = "31. Januar 2014"
	}
	
@misc{LT:Datasheet,
  author 			= "Linear, Technology",
  title 			= "LTC4449, High Speed Synchronous N-Channel MOSFET Driver",
  year 				= "2013",
  url 				= "http://www.linear.com/product/LTC4449",
  lastchecked = "7. Februar 2014"
	}
	
@misc{TI:Datasheet,
  author 			= "Texas, Instruments",
  title 			= "DR8412/8432, Dual Full Bridge PWM Motor Driver",
  year 				= "2009",
  url 				= "http://www.ti.com/lit/ds/symlink/drv8432.pdf",
  lastchecked = "9. Februar 2014"
	}

@misc{MT:TipsAndTricks,
  author 			= "Microship, Technology",
  title 			= "Compiled Tips 'N Tricks Guide",
  year 				= "2008",
  url 				= "http://ww1.microchip.com/downloads/en/DeviceDoc/01146B.pdf",
  lastchecked = "31. März 2014"
	}
	
@misc{TI:DatasheetLT,
  author 			= "Texas, Instruments",
  title 			= "SN74LVC245A , OCTAL BUS TRANSCEIVER WITH 3-STATE OUTPUTS",
  year 				= "2013",
  url 				= "http://www.farnell.com/datasheets/1764276.pdf",
  lastchecked = "12. Februar 2014"
	}
@misc{EI:Bootstrap,
  author 			= "Elektronik, Industries",
  title 			= "Vewendung von Bootsrap-Schaltung",
  year 				= "2008",
  url 				= "http://material.htlwien10.at/wissensspeicher/Bootstrap/Verwendung_von_Bootstrap-Schaltungen.pdf",
  lastchecked = "24.02.2014"
	} 	
